@String{_ESSV = "Konferenz Elektronische Sprachsignalverarbeitung (ESSV)" }
@String{_STSK = "Studientexte zur Sprachkommunikation" }

@String{_ME = "Eichner, M."  }
@String{_MW = "Wolff, M."    }
@String{_RH = "Hoffmann, R." }
@String{_SW = "Werner, S."   }
@String{_ = " and " }

@InCollection{Fellbaum1999,
  author = 	 {Fellbaum, K.},
  title = 	 {Selection of Tutorials and Related Materials for Spoken Language Engineering},
  booktitle = 	 {The Landscape of Future Education in Speech Communication Sciences},
  language = 	 {english},
  OPTcrossref =  {},
  OPTkey = 	 {},
  pages = 	 {21 -- 68},
  publisher = 	 {Led},
  year = 	 {1999},
  editor = 	 {Bloothoft, G.},
  volume = 	 {3: Recommendations},
  OPTnumber = 	 {},
  OPTseries = 	 {},
  OPTtype = 	 {},
  OPTchapter = 	 {},
  address = 	 {Utrecht},
  OPTedition = 	 {},
  OPTmonth = 	 {},
  OPTnote = 	 {},
  OPTannote = 	 {}
}

@InProceedings{2003_ESSV_MM,
  author = 	 _ME#_#{Kühne, M.}#_#_SW#_#_MW,
  title = 	 {Sprachtechnologien in der {L}ern\-umgebung eines internet-basierten {S}tudienganges},
  booktitle = 	 {Proc. }#_ESSV,
  language = 	 {german},
  OPTcrossref =  {},
  OPTkey = 	 {},
  pages = 	 {370 -- 377},
  year = 	 {2003},
  OPTeditor = 	 {},
  volume = 	 {26},
  OPTnumber = 	 {},
  series = 	 _STSK,
  address = 	 {Karlsruhe, Germany},
  OPTmonth = 	 {},
  OPTorganization = {},
  publisher = 	 {w.e.b. Universitätsverlag Dresden},
  OPTnote = 	 {},
  OPTannote = 	 {}
}
